@manual{anleitungV61,
  organization = {TU Dortmund, Fakultät Physik},
  title = {V61 He-Ne Laser},
  year = 2025
}
@book{laserspektroskopie,
  author = {W. Demtröder},
  title = {Laserspektroskopie 1 Grundlagen},
  year = 2011,
  edition = {6. Aufl.},
  publisher = {Springer-Verlag Berlin
Heidelberg}
}
@book{laser,
  author = {{H. J. Eichler} and {J. Eichler}},
  title = {Laser (Bauformen, Strahlführung,
Anwendungen)},
  year = 2015,
  edition = {8. Aufl.},
  publisher = {Springer-Verlag Berlin
Heidelberg}
}
@book{photonics,
  author = {{B. E. A. Saleh} and {M. C. Teich}},
  title = {Fundamentals of Photonics},
  year = 2019,
  edition = {3. Aufl.},
  publisher = {Wiley}
}
@online{leifiLaser,
  author = {LEIFIphysik},
  title = {Heloum-Neon-Laser},
  url = {https://www.leifiphysik.de/atomphysik/laser/grundwissen/helium-neon-laser},
  urldate = {2025-07-02}
}
