@manual{anleitungV42,
  organization = {TU Dortmund, Fakultät Physik},
  title = {V42 Rastertunnelmikroskopie},
  year = 2025
}
@book{Surfaces,
  author = {H. Lüth},
  title = {Surfaces and Interfaces of Solids},
  year = 1993,
  edition = {2. Aufl.},
  publisher = {Springer Berlin, Heidelberg}
}
@book{GuidesScanningProbeMicroscope,
  author = {{R. Howland} and {L. Benatar}},
  title = {A Practical Guide to Scanning Probe Microscopy},
  year = 1996,
  publisher = {Park Scientific Instruments}
}
@book{ScanningTunnelingMicroscopy,
  author = {{J.-H. Gürtherodt} und {R. Wiesendanger}},
  title = {Scanning Tunneling Microscopy I},
  year = 1994,
  publisher = {Springer Verlag}
}
@manual{naioManual,
  title        = {NaioSTM Control Software -- Operating Instructions, Version 3.7},
  author       = {{Nanosurf AG}},
  year         = {2021},
}
