@manual{anleitungV01,
  organization = {TU Dortmund, Fakult√§t Physik},
  title = {V01 - Lebensdauer kosmischer Myonen},
  year = 2025
}
@book{Astroteilchenphysik,
  author = {C. Grupen},
  title = {Einsteig in die Astroteilchenphysik},
  year = 2018,
  edition = {2. Aufl.},
  publisher = {Springer Spektrum}
}
@book{Teilchendetektoren,
  author = {H. Kolanoski und N. Wermes},
  title = {Teilchendetektoren},
  year = 2016,
  edition = {1. Aufl.},
  publisher = {Springer Berlin Heidelberg}
}
@book{Techniques,
  author = {W.R. Leo},
  title = {Techniques for nuclear and particle physics experiments},
  year = 1994,
  edition = {2. Aufl.},
  publisher = {Springer-Verlag}
}
@book{Praktikum,
  author = {W. Wacher},
  title = {Praktikum der Physik},
  year = 1989,
  edition = {6. Aufl.},
  publisher = {Teubner}
}
@article{PDG2024,
    author = {{S. Navas et al. (Particle Data Group)}},
    collaboration = {Particle Data Group},
    title = {Review of particle physics},
    doi = {10.1103/PhysRevD.110.030001},
    journal = {Phys. Rev. D},
    volume = {110},
    number = {3},
    pages = {030001},
    year = 2024
}
