@manual{anleitungV48,
  organization = {TU Dortmund, Fakultät Physik},
  title = {Dipolrelaxation in Ionenkristallen},
  year = 2025
}
@online{NaCl_Struktur,
  author    = {Korth-Kristalle},
  title     = {Kaliumbromid},
  url       = {https://www.korth.de/material/detail/Kaliumbromid},
  urldate   = {2025-06-24}
}
@online{fcc_Struktur,
  author    = {Chemie.de},
  title     = {Natriumchlorid-Struktur},
  url       = {https://www.chemie.de/lexikon/Natriumchlorid-Struktur.html},
  urldate   = {2025-06-24}
}
@article{IonicThermo,
  title = {Ionic Thermocurrents in Dielectrics},
  author = {{C. Bucci} and {R. Fieschi} and {G. Guidi}},
  journal = {Phys. Rev.},
  volume = {148},
  pages = {816},
  year = {1966},
  publisher = {American Physical Society},
  doi = {10.1103/PhysRev.148.816},
}
@article{Irradiation,
author = {{R. Muccillo} and {J. Rolfe}},
title = {Effect of Irradiation on Impurity–Vacancy Dipoles in KBr Crystals Doped with Strontium},
journal = {physica status solidi (b)},
volume = {61},
pages = {579},
doi = {https://doi.org/10.1002/pssb.2220610223},
year = {1974}
}

@article{Bunsengesellschaft,
title = {Masthead},
journal = {Berichte der Bunsengesellschaft für physikalische Chemie},
volume = {79},
number = {11},
doi = {https://doi.org/10.1002/bbpc.19750791101},
year = {1975}
}
@article{Fuller,
author = {{R. M. Fuller} and {R. Fuller}},
title = {Research Project for Undergraduates: Ionic Thermoconductivity in
DielectricsDielectrics},
journal = {Amercian Journal of Physics},
volume = {40},
pages = {579},
year = {1972}
}

