@manual{anleitungV01,
  organization = {TU Dortmund, Fakult√§t Physik},
  title = {Versuch zum Literaturverzeichnis},
  year = 2025
}
@book{Astroteilchenphysik,
  author = {C. Grupen},
  title = {Einsteig in die Astroteilchenphysik},
  year = 2018,
  edition = {2. Aufl.},
  publisher = {Springer Spektrum}
}
@book{Teilchendetektoren,
  author = {H. Kolanoski und N. Wermes},
  title = {Teilchendetektoren},
  year = 2016,
  edition = {1. Aufl.},
  publisher = {Springer Berlin Heidelberg}
}
@book{Techniques,
  author = {W.R. Leo},
  title = {Techniques for nuclear and particle physics experiments},
  year = 1994,
  edition = {2. Aufl.},
  publisher = {Springer-Verlag}
}
@book{Praktikum,
  author = {W. Wacher},
  title = {Praktikum der Physik},
  year = 1989,
  edition = {6. Aufl.},
  publisher = {Teubner}
}