@manual{anleitungV64,
  organization = {TU Dortmund, Fakultät Physik},
  title = {V64 Interferometry},
  year = 2025
}
@book{Optik,
  author = {E. Hecht},
  title = {Optik},
  year = 2018,
  publisher = {De Gruyter}
}
@book{Optik_Buch_Quelle,
  author = {W. Lauterborn},
  title = {Kohärente Optik},
  year = 1993,
  publisher = {Springer}
}
@online{refractiveIndex,
  author    = {Mikhail N. Polyanskiy},
  title     = {Refractiveindex.info database of optical constants},
  journal   = {Scientific Data},
  year      = {2024},
  url       = {https://refractiveindex.info/},
  urldate   = {2025-05-13}
}